@INPROCEEDINGS{TENZING,
  author = "Biswapesh Chattopadhyay and Liang Lin and Weiran Liu and Sagar Mittal and Prathyusha Aragonda and Vera Lychagina and Younghee Kwon and Michael Wong",
  title = "Tenzing BLA A SQL Implementation On The MapReduce Framework",
  booktitle = {Proceedings of the VLDB Endowment},
  volume = {4},
  pages = "1318 -- 1327",
  year = 2011
}
@INPROCEEDINGS{MAPREDUCE,
  author = "Jeffrey Dean and Sanjay Ghemawat",
  title = "MapReduce: Simplified Data Processing on Large Clusters",
  booktitle = "OSDI'04: Sixth Symposium on Operating System Design and Implementation",
  pages = "137 -- 150",
  year = 2004
}
@INPROCEEDINGS{GFS,
  author = "Sanjay Ghemawat and Howard Gobioff and Shun-Tak Leung",
  title = "The Google File System",
  booktitle = "19th ACM Symposium on Operating Systems Principles",
  year = 2003
}
@ONLINE{GOOGLE-TENZING,
  title = {Tenzing  A SQL Implementation On The MapReduce Framework},
  url = {http://research.google.com/pubs/pub37200.html}
}
@ONLINE{GOOGLE-MAPREDUCE,
  title = {MapReduce: Simplified Data Processing on Large Clusters},
  url = {http://labs.google.com/papers/mapreduce.html}
}
@ONLINE{GOOGLE-GFS,
  title = {The Google File System},
  url = {http://labs.google.com/papers/gfs.html}
}
@ONLINE{WP-SQL92,
  title = {SQL-92},
  month = aug,
  year = {2011},
  url = {http://en.wikipedia.org/wiki/SQL-92},
}
@ONLINE{WP-SQL99,
  title = {SQL:1999},
  month = jun,
  year = {2011},
  url = {http://en.wikipedia.org/wiki/SQL:1999}
}
@BOOK{HADOOP-GUIDE, 
  title={Hadoop: The Definitive Guide},
  author={Tom White},
  publisher={Yahoo Press},
  year={2010},
  month={10},
  edition={Second Edition},
  isbn={9781449389734}
}
@ONLINE{HADOOP,
  title = {Welcome to Apache\texttrademark Hadoop\texttrademark!},
  month = aug,
  year = {2011},
  url = {http://hadoop.apache.org/}
}
@ONLINE{HIVE,
  title = {Welcome to Hive!},
  month = jun,
  year = {2011},
  url = {http://hive.apache.org/}
}
@ONLINE{PIG,
  title = {Welcome to Apache Pig!},
  month = may,
  year = {2011},
  url = {http://pig.apache.org/}
}
@ONLINE{WP-MAPREDUCE,
  title= {MapReduce},
  author = {Wikipedia contributors},
  month = oct,
  year = {2011},
  url = {http://en.wikipedia.org/wiki/MapReduce}
}
@ONLINE{GARFINKEL,
  title = {Learning Hadoop},
  author = {Max Garfinkel},
  month = feb,
  year = {2010},
  url = {http://blog.maxgarfinkel.com/archives/176}
}
@BOOK{KemperEickler, 
  title={Datenbanksysteme. Eine Einführung.},
  author={Alfons Kemper and Andre Eickler},
  publisher={Oldenbourg},
  year={2009},
  month={4},
  isbn={9783486590180},
  edition={7. Auflange Edition}
}
@BOOK{KandziaKlein, 
  title={Theoretische Grundlagen relationaler Datenbanksysteme},
  author={Peter Kandzia and Hans J Klein},
  publisher={Spektrum Akademischer Verlag},
  year={1993},
  month={1},
  edition={1},
  isbn={9783860255643}
}
@INPROCEEDINGS{Codd,
  author = "Edgar F. Codd",
  title = "A Relational Model of Data for Large Shared Data Banks",
  booktitle = "Communications of the ACM",
  pages = "377 -- 387",
  year = 1970
}
@INPROCEEDINGS{Selinger,
  author = "P. Griffiths Selinger and M. M. Astrahan and D. D. Chamberlin and R. A. Lorie and T. G. Price",
  title = "Access path selection in a relational database management system",
  booktitle = "Proceedings of the 1979 ACM SIGMOD international conference on Management of data",
  pages = "23 -- 34",
  year = 1979
}
@INPROCEEDINGS{Zeller,
  author = "Hansjörg Zeller and Jim Gray",
  title = "An adaptive hash join algorithm for multiuser environments",
  booktitle = "Proceedings of the sixteenth international conference on Very large databases",
  pages = "186 -- 197",
  year = 1990
}
@ARTICLE{Ioannidis,
  author = {Yannis E, Ioannidis},
  title = {Query optimization},
  journal = {ACM Computing Surveys},
  volume = {28},
  pages = {121 -- 123},
  year = {1996}
}