@INPROCEEDINGS{TENZING,
  author = "Biswapesh Chattopadhyay and Liang Lin and Weiran Liu and Sagar Mittal and Prathyusha Aragonda and Vera Lychagina and Younghee Kwon and Michael Wong",
  title = "Tenzing  A SQL Implementation On The MapReduce Framework",
  booktitle = "Proceedings of the VLDB Endowment, Volume 4, 2011",
  pages = "1318 -- 1327",
  year = 2011
}
@INPROCEEDINGS{MAPREDUCE,
  author = "Jeffrey Dean and Sanjay Ghemawat",
  title = "MapReduce: Simplified Data Processing on Large Clusters",
  booktitle = "OSDI'04: Sixth Symposium on Operating System Design and Implementation",
  pages = "137 -- 150",
  year = 2004
}
@INPROCEEDINGS{GFS,
  author = "Sanjay Ghemawat and Howard Gobioff and Shun-Tak Leung",
  title = "The Google File System",
  booktitle = "19th ACM Symposium on Operating Systems Principles",
  year = 2003
}
@ONLINE{GOOGLE-TENZING,
  title = {Tenzing  A SQL Implementation On The MapReduce Framework},
  url = {http://research.google.com/pubs/pub37200.html}
}
@ONLINE{GOOGLE-MAPREDUCE,
  title = {MapReduce: Simplified Data Processing on Large Clusters},
  url = {http://labs.google.com/papers/mapreduce.html}
}
@ONLINE{GOOGLE-GFS,
  title = {The Google File System},
  url = {http://labs.google.com/papers/gfs.html}
}
@ONLINE{WP-SQL92,
  title = {SQL-92},
  month = aug,
  year = {2011},
  url = {http://en.wikipedia.org/wiki/SQL-92},
}
@ONLINE{WP-SQL99,
  title = {SQL:1999},
  month = jun,
  year = {2011},
  url = {http://en.wikipedia.org/wiki/SQL:1999}
}