@INPROCEEDINGS{TENZING,
  author = "Biswapesh Chattopadhyay and Liang Lin and Weiran Liu and Sagar Mittal and Prathyusha Aragonda and Vera Lychagina and Younghee Kwon and Michael Wong",
  title = "Tenzing A SQL Implementation On The MapReduce Framework",
  booktitle = {Proceedings of the VLDB Endowment},
  volume = {4},
  pages = "1318 -- 1327",
  year = 2011
}
@INPROCEEDINGS{MAPREDUCE,
  author = "Jeffrey Dean and Sanjay Ghemawat",
  title = "MapReduce: Simplified Data Processing on Large Clusters",
  booktitle = "OSDI'04: Sixth Symposium on Operating System Design and Implementation",
  pages = "137 -- 150",
  year = 2004
}
@INPROCEEDINGS{GFS,
  author = "Sanjay Ghemawat and Howard Gobioff and Shun-Tak Leung",
  title = "The Google File System",
  booktitle = "19th ACM Symposium on Operating Systems Principles",
  year = 2003
}
@ONLINE{GOOGLE-TENZING,
  title = {Tenzing  A SQL Implementation On The MapReduce Framework},
  url = {http://research.google.com/pubs/pub37200.html}
}
@ONLINE{GOOGLE-MAPREDUCE,
  title = {MapReduce: Simplified Data Processing on Large Clusters},
  url = {http://labs.google.com/papers/mapreduce.html}
}
@ONLINE{GOOGLE-GFS,
  title = {The Google File System},
  url = {http://labs.google.com/papers/gfs.html}
}
@ONLINE{WP-SQL92,
  title = {SQL-92},
  month = aug,
  year = {2011},
  url = {http://en.wikipedia.org/wiki/SQL-92},
}
@ONLINE{WP-SQL99,
  title = {SQL:1999},
  month = jun,
  year = {2011},
  url = {http://en.wikipedia.org/wiki/SQL:1999}
}
@BOOK{HADOOP-GUIDE, 
  title={Hadoop: The Definitive Guide},
  author={Tom White},
  publisher={Yahoo Press},
  year={2010},
  month={10},
  edition={Second Edition},
  isbn={9781449389734}
}
@ONLINE{HADOOP,
  title = {Welcome to Apache\texttrademark Hadoop\texttrademark!},
  month = aug,
  year = {2011},
  url = {http://hadoop.apache.org/}
}
@ONLINE{HIVE,
  title = {Welcome to Hive!},
  month = jun,
  year = {2011},
  url = {http://hive.apache.org/}
}
@ONLINE{PIG,
  title = {Welcome to Apache Pig!},
  month = may,
  year = {2011},
  url = {http://pig.apache.org/}
}
@ONLINE{WP-MAPREDUCE,
  title= {MapReduce},
  author = {Wikipedia contributors},
  month = oct,
  year = {2011},
  url = {http://en.wikipedia.org/wiki/MapReduce}
}
@ONLINE{GARFINKEL,
  title = {Learning Hadoop},
  author = {Max Garfinkel},
  month = feb,
  year = {2010},
  url = {http://blog.maxgarfinkel.com/archives/176}
}
@BOOK{KemperEickler, 
  title={Datenbanksysteme. Eine Einführung.},
  author={Alfons Kemper and Andre Eickler},
  publisher={Oldenbourg},
  year={2009},
  month={4},
  isbn={9783486590180},
  edition={7. Auflange Edition}
}
@BOOK{KandziaKlein, 
  title={Theoretische Grundlagen relationaler Datenbanksysteme},
  author={Peter Kandzia and Hans J Klein},
  publisher={Spektrum Akademischer Verlag},
  year={1993},
  month={1},
  edition={1},
  isbn={9783860255643}
}
@INPROCEEDINGS{Codd,
  author = "Edgar F. Codd",
  title = "A Relational Model of Data for Large Shared Data Banks",
  booktitle = "Communications of the ACM",
  pages = "377 -- 387",
  year = 1970
}
@INPROCEEDINGS{Selinger,
  author = "P. Griffiths Selinger and M. M. Astrahan and D. D. Chamberlin and R. A. Lorie and T. G. Price",
  title = "Access path selection in a relational database management system",
  booktitle = "Proceedings of the 1979 ACM SIGMOD international conference on Management of data",
  pages = "23 -- 34",
  year = 1979
}
@INPROCEEDINGS{Zeller,
  author = "Hansjörg Zeller and Jim Gray",
  title = "An adaptive hash join algorithm for multiuser environments",
  booktitle = "Proceedings of the sixteenth international conference on Very large databases",
  pages = "186 -- 197",
  year = 1990
}
@ARTICLE{Ioannidis,
  author = {Yannis E, Ioannidis},
  title = {Query optimization},
  journal = {ACM Computing Surveys},
  volume = {28},
  pages = {121 -- 123},
  year = {1996}
}
@INPROCEEDINGS{HadoopDB2009,
  author = "Azza Abouzeid and Kamil Bajda-Pawlikowski and Daniel Abadi and Avi Silberschatz and Alexander Rasin",
  title = "HadoopDB: An Architectural Hybrid of MapReduce and DBMS Technologies for Analytical Workloads",
  booktitle = "VLDB ‘09, August 24-28, 2009, Lyon, France",
  year = 2009
}
@INPROCEEDINGS{HadoopDB2010,
  author = "Azza Abouzied and Kamil Bajda-Pawlikowski and Jiewen Huang and Daniel J. Abadi and Avi Silberschatz",
  title = "HadoopDB in Action: Building Real World Applications",
  booktitle = "SIGMOD’10, June 6–11, 2010, Indianapolis, Indiana, USA.",
  year = 2010
}
@ONLINE{HBase,
  title = {Apache HBase},
  url = {http://hbase.apache.org/}
} 
@INPROCEEDINGS{BigTable,
  author = "Fay Chang and Jeffrey Dean and Sanjay Ghemawat and Wilson C. Hsieh and Deborah A. Wallach and Mike Burrows and Tushar Chandra and Andrew Fikes and Robert E. Gruber",
  title = "Bigtable: A Distributed Storage System for Structured Data",
  booktitle = "OSDI'06: Seventh Symposium on Operating System Design and Implementation",
  year = 2006
}
@ARTICLE{Sawzall,
  author = {Rob Pike and Sean Dorward and Robert Griesemer and Sean Quinlan},
  title = {Interpreting the Data: Parallel Analysis with Sawzall},
  journal = {Scientific Programming Journal},
  pages = {227 -- 298}
}
@INPROCEEDINGS{PACT,
  author = {Alexandrov, Alexander and Ewen, Stephan and Heimel, Max and Hueske, Fabian and Kao, Odej and Markl, Volker and Nijkamp, Erik and Warneke, Daniel},
  title = {{MapReduce} and {PACT} - Comparing Data Parallel Programming Models},
  booktitle = {Proceedings of the 14th Conference on Database Systems for Business, Technology, and Web (BTW)},
  series = {BTW 2011},
  year = {2011},
  isbn = {978-3-88579-274-1},
  location = {Kaiserslautern, Germany},
  pages = {25-44},
  publisher = {GI},
  address = {Bonn, Germany},
}
@ONLINE{docstoc,
  title = {Realtime Analytics with Hadoop and HBase},
  url = {http://www.docstoc.com/docs/86787104/Realtime-Analytics-with-Hadoop-and-HBase}
}
@ONLINE{pdfcast,
  title = {Practical Problem Solving with Apache Hadoop and Pig},
  url = {http://pdfcast.org/pdf/practical-problem-solving-with-apache-hadoop-pig}
}
@ONLINE{PigWiki,
  title = {PigProposal - Incubator Wiki},
  url = {http://wiki.apache.org/incubator/PigProposal}
}
@ONLINE{HiveWiki,
  title = {Home - Apache Hive - Apache Software Foundation},
  url = { https://cwiki.apache.org/confluence/display/Hive/Home}
}
@ARTICLE{JavaMagazin,
  author = {Lars George},
  title = {Die Hadoop-Datenbank},
  journal = {Java Magazin},
  volume = {11/2011},
  pages = {39 -- 45},
  year = {2011}
}
@ONLINE{Stratosphere,
  title = {Stratosphere - Above the Clouds},
  url = {http://www.stratosphere.eu/}
}
@ONLINE{GeoHive,
  title = {GeoHive - Population Statistics},
  url = {http://www.geohive.com/}
}
@ONLINE{SQLParser,
  title = {Java SQL Parser for JSP, J2EE application},
  url = {http://www.sqlparser.com/sql-parser-java.php}
}
@ONLINE{Bytecode,
  title = {Open Source ByteCode Libraries in Java},
  url = {http://java-source.net/open-source/bytecode-libraries}
}